@article{HALD37,
  title={The effect of variation of fitness},
  author={Haldane, J B S},
  journal={The American Naturalist},
  volume={71},
  pages={337--349},
  year={1937},
  publisher={Science Press}
}

@inproceedings{HALD27,
  title={A mathematical theory of natural and artificial selection, part V: selection and mutation},
  author={Haldane, J B S},
  booktitle={Mathematical Proceedings of the Cambridge Philosophical Society},
  volume={23},
  pages={838--844},
  year={1927},
  organization={Cambridge University Press}
}

% 2185862 
@Article{FISH22,
   Author="Fisher, R. A. ",
   Title="{{O}n the dominance ratio}",
   Journal="Proceedings of the Royal Society of Edinburgh",
   Year="1922",
   Volume="42",
   Pages="321--341"
}

% 17637733 
@Article{EYREKEIG07,
   Author="Eyre-Walker, A.  and Keightley, P. D. ",
   Title="{{T}he distribution of fitness effects of new mutations}",
   Journal="Nat Rev Genet",
   Year="2007",
   Volume="8",
   Number="8",
   Pages="610--618",
   Month="Aug"
}

% 30962618 
@Article{FULLETAL19,
   Author="Fuller, Z. L.  and Berg, J. J.  and Mostafavi, H.  and Sella, G.  and Przeworski, M. ",
   Title="{{M}easuring intolerance to mutation in human genetics}",
   Journal="Nat Genet",
   Year="2019",
   Volume="51",
   Number="5",
   Pages="772--776",
   Month="05"
}

% 31004148 
@Article{WEGHETAL19,
   Author="Weghorn, D.  and Balick, D. J.  and Cassa, C.  and Kosmicki, J. A.  and Daly, M. J.  and Beier, D. R.  and Sunyaev, S. R. ",
   Title="{{A}pplicability of the {M}utation-{S}election {B}alance {M}odel to {P}opulation {G}enetics of {H}eterozygous {P}rotein-{T}runcating {V}ariants in {H}umans}",
   Journal="Mol Biol Evol",
   Year="2019",
   Volume="36",
   Number="8",
   Pages="1701--1710",
   Month="08"
}

% 28369035 
@Article{CASSETAL17,
   Author="Cassa, C. A.  and Weghorn, D.  and Balick, D. J.  and Jordan, D. M.  and Nusinow, D.  and Samocha, K. E.  and O'Donnell-Luria, A.  and MacArthur, D. G.  and Daly, M. J.  and Beier, D. R.  and Sunyaev, S. R. ",
   Title="{{E}stimating the selective effects of heterozygous protein-truncating variants from human exome data}",
   Journal="Nat Genet",
   Year="2017",
   Volume="49",
   Number="5",
   Pages="806--810",
   Month="May"
}

% 23990802 
@Article{PETRETAL13,
   Author="Petrovski, S.  and Wang, Q.  and Heinzen, E. L.  and Allen, A. S.  and Goldstein, D. B. ",
   Title="{{G}enic intolerance to functional variation and the interpretation of personal genomes}",
   Journal="PLoS Genet",
   Year="2013",
   Volume="9",
   Number="8",
   Pages="e1003709"
}

% 8364591 
@Article{KONDCROW93,
   Author="Kondrashov, A. S.  and Crow, J. F. ",
   Title="{{A} molecular approach to estimating the human deleterious mutation rate}",
   Journal="Hum Mutat",
   Year="1993",
   Volume="2",
   Number="3",
   Pages="229--234"
}

% 27535533 
@Article{LEKETAL16,
   Author="Lek, M.  and Karczewski, K. J.  and Minikel, E. V.  and Samocha, K. E.  and Banks, E.  and Fennell, T.  and O'Donnell-Luria, A. H.  and Ware, J. S.  and Hill, A. J.  and Cummings, B. B.  and Tukiainen, T.  and Birnbaum, D. P.  and Kosmicki, J. A.  and Duncan, L. E.  and Estrada, K.  and Zhao, F.  and Zou, J.  and Pierce-Hoffman, E.  and Berghout, J.  and Cooper, D. N.  and Deflaux, N.  and DePristo, M.  and Do, R.  and Flannick, J.  and Fromer, M.  and Gauthier, L.  and Goldstein, J.  and Gupta, N.  and Howrigan, D.  and Kiezun, A.  and Kurki, M. I.  and Moonshine, A. L.  and Natarajan, P.  and Orozco, L.  and Peloso, G. M.  and Poplin, R.  and Rivas, M. A.  and Ruano-Rubio, V.  and Rose, S. A.  and Ruderfer, D. M.  and Shakir, K.  and Stenson, P. D.  and Stevens, C.  and Thomas, B. P.  and Tiao, G.  and Tusie-Luna, M. T.  and Weisburd, B.  and Won, H. H.  and Yu, D.  and Altshuler, D. M.  and Ardissino, D.  and Boehnke, M.  and Danesh, J.  and Donnelly, S.  and Elosua, R.  and Florez, J. C.  and Gabriel, S. B.  and Getz, G.  and Glatt, S. J.  and Hultman, C. M.  and Kathiresan, S.  and Laakso, M.  and McCarroll, S.  and McCarthy, M. I.  and McGovern, D.  and McPherson, R.  and Neale, B. M.  and Palotie, A.  and Purcell, S. M.  and Saleheen, D.  and Scharf, J. M.  and Sklar, P.  and Sullivan, P. F.  and Tuomilehto, J.  and Tsuang, M. T.  and Watkins, H. C.  and Wilson, J. G.  and Daly, M. J.  and MacArthur, D. G.  and Lek, M.  and Karczewski, K. J.  and Minikel, E. V.  and Samocha, K. E.  and Banks, E.  and Fennell, T.  and O'Donnell-Luria, A. H.  and Ware, J. S.  and Hill, A. J.  and Cummings, B. B.  and Tukiainen, T.  and Birnbaum, D. P.  and Kosmicki, J. A.  and Duncan, L. E.  and Estrada, K.  and Zhao, F.  and Zou, J.  and Pierce-Hoffman, E.  and Berghout, J.  and Cooper, D. N.  and Deflaux, N.  and DePristo, M.  and Do, R.  and Flannick, J.  and Fromer, M.  and Gauthier, L.  and Goldstein, J.  and Gupta, N.  and Howrigan, D.  and Kiezun, A.  and Kurki, M. I.  and Moonshine, A. L.  and Natarajan, P.  and Orozco, L.  and Peloso, G. M.  and Poplin, R.  and Rivas, M. A.  and Ruano-Rubio, V.  and Rose, S. A.  and Ruderfer, D. M.  and Shakir, K.  and Stenson, P. D.  and Stevens, C.  and Thomas, B. P.  and Tiao, G.  and Tusie-Luna, M. T.  and Weisburd, B.  and Won, H. H.  and Yu, D.  and Altshuler, D. M.  and Ardissino, D.  and Boehnke, M.  and Danesh, J.  and Donnelly, S.  and Elosua, R.  and Florez, J. C.  and Gabriel, S. B.  and Getz, G.  and Glatt, S. J.  and Hultman, C. M.  and Kathiresan, S.  and Laakso, M.  and McCarroll, S.  and McCarthy, M. I.  and McGovern, D.  and McPherson, R.  and Neale, B. M.  and Palotie, A.  and Purcell, S. M.  and Saleheen, D.  and Scharf, J. M.  and Sklar, P.  and Sullivan, P. F.  and Tuomilehto, J.  and Tsuang, M. T.  and Watkins, H. C.  and Wilson, J. G.  and Daly, M. J.  and MacArthur, D. G.  and Abboud, H. E.  and Abecasis, G.  and Aguilar-Salinas, C. A.  and Arellano-Campos, O.  and Atzmon, G.  and Aukrust, I.  and Barr, C. L.  and Bell, G. I.  and Bell, G. I.  and Bergen, S.  and Bjørkhaug, L.  and Blangero, J.  and Bowden, D. W.  and Budman, C. L.  and Burtt, N. P.  and Centeno-Cruz, F.  and Chambers, J. C.  and Chambert, K.  and Clarke, R.  and Collins, R.  and Coppola, G.  and Córdova, E. J.  and Cortes, M. L.  and Cox, N. J.  and Duggirala, R.  and Farrall, M.  and Fernandez-Lopez, J. C.  and Fontanillas, P.  and Frayling, T. M.  and Freimer, N. B.  and Fuchsberger, C.  and García-Ortiz, H.  and Goel, A.  and Gómez-Vázquez, M. J.  and González-Villalpando, M. E.  and González-Villalpando, C.  and Grados, M. A.  and Groop, L.  and Haiman, C. A.  and Hanis, C. L.  and Hanis, C. L.  and Hattersley, A. T.  and Henderson, B. E.  and Hopewell, J. C.  and Huerta-Chagoya, A.  and Islas-Andrade, S.  and Jacobs, S. B.  and Jalilzadeh, S.  and Jenkinson, C. P.  and Moran, J.  and Jiménez-Morale, S.  and Kähler, A.  and King, R. A.  and Kirov, G.  and Kooner, J. S.  and Kyriakou, T.  and Lee, J. Y.  and Lehman, D. M.  and Lyon, G.  and MacMahon, W.  and Magnusson, P. K.  and Mahajan, A.  and Marrugat, J.  and Martínez-Hernández, A.  and Mathews, C. A.  and McVean, G.  and Meigs, J. B.  and Meitinger, T.  and Mendoza-Caamal, E.  and Mercader, J. M.  and Mohlke, K. L.  and Moreno-Macías, H.  and Morris, A. P.  and Najmi, L. A.  and Njølstad, P. R.  and O'Donovan, M. C.  and Ordóñez-Sánchez, M. L.  and Owen, M. J.  and Park, T.  and Pauls, D. L.  and Posthuma, D.  and Revilla-Monsalve, C.  and Riba, L.  and Ripke, S.  and Rodríguez-Guillén, R.  and Rodríguez-Torres, M.  and Sandor, P.  and Seielstad, M.  and Sladek, R.  and Soberón, X.  and Spector, T. D.  and Tai, S. E.  and Teslovich, T. M.  and Walford, G.  and Wilkens, L. R.  and Williams, A. L. ",
   Title="{{A}nalysis of protein-coding genetic variation in 60,706 humans}",
   Journal="Nature",
   Year="2016",
   Volume="536",
   Number="7616",
   Pages="285--291",
   Month="08"
}

% 18516229 
@Article{BOYKETAL08,
   Author="Boyko, A. R.  and Williamson, S. H.  and Indap, A. R.  and Degenhardt, J. D.  and Hernandez, R. D.  and Lohmueller, K. E.  and Adams, M. D.  and Schmidt, S.  and Sninsky, J. J.  and Sunyaev, S. R.  and White, T. J.  and Nielsen, R.  and Clark, A. G.  and Bustamante, C. D. ",
   Title="{{A}ssessing the evolutionary impact of amino acid mutations in the human genome}",
   Journal="PLoS Genet",
   Year="2008",
   Volume="4",
   Number="5",
   Pages="e1000083",
   Month="May"
}

% 31249063 
@Article{HUANSIEP19,
   Author="Huang, Y. F.  and Siepel, A. ",
   Title="{{E}stimation of allele-specific fitness effects across human protein-coding sequences and implications for disease}",
   Journal="Genome Res",
   Year="2019",
   Volume="29",
   Number="8",
   Pages="1310--1321",
   Month="08"
}

% 7475094 
@Article{KOND95,
   Author="Kondrashov, A. S. ",
   Title="{{C}ontamination of the genome by very slightly deleterious mutations: why have we not died 100 times over?}",
   Journal="J Theor Biol",
   Year="1995",
   Volume="175",
   Number="4",
   Pages="583--594",
   Month="Aug"
}

% 9950425 
@Article{EYREKEIG99,
   Author="Eyre-Walker, A.  and Keightley, P. D. ",
   Title="{{H}igh genomic deleterious mutation rates in hominids}",
   Journal="Nature",
   Year="1999",
   Volume="397",
   Number="6717",
   Pages="344--347",
   Month="Jan"
}

% 15678168 
@Article{KEIGETAL05,
   Author="Keightley, P. D.  and Lercher, M. J.  and Eyre-Walker, A. ",
   Title="{{E}vidence for widespread degradation of gene control regions in hominid genomes}",
   Journal="PLoS Biol",
   Year="2005",
   Volume="3",
   Number="2",
   Pages="e42",
   Month="Feb"
}

% 16547091 
@Article{EYREETAL06,
   Author="Eyre-Walker, A.  and Woolfit, M.  and Phelps, T. ",
   Title="{{T}he distribution of fitness effects of new deleterious amino acid mutations in humans}",
   Journal="Genetics",
   Year="2006",
   Volume="173",
   Number="2",
   Pages="891--900",
   Month="Jun"
}

% 16024819 
@Article{SIEPETAL05,
   Author="Siepel, A.  and Bejerano, G.  and Pedersen, J. S.  and Hinrichs, A. S.  and Hou, M.  and Rosenbloom, K.  and Clawson, H.  and Spieth, J.  and Hillier, L. W.  and Richards, S.  and Weinstock, G. M.  and Wilson, R. K.  and Gibbs, R. A.  and Kent, W. J.  and Miller, W.  and Haussler, D. ",
   Title="{{E}volutionarily conserved elements in vertebrate, insect, worm, and yeast genomes}",
   Journal="Genome Res",
   Year="2005",
   Volume="15",
   Number="8",
   Pages="1034--1050",
   Month="Aug"
}

% 19858363 
@Article{POLLETAL10,
   Author="Pollard, K. S.  and Hubisz, M. J.  and Rosenbloom, K. R.  and Siepel, A. ",
   Title="{{D}etection of nonneutral substitution rates on mammalian phylogenies}",
   Journal="Genome Res",
   Year="2010",
   Volume="20",
   Number="1",
   Pages="110--121",
   Month="Jan"
}

% 23749186 
@Article{ARBIETAL13,
   Author="Arbiza, L.  and Gronau, I.  and Aksoy, B. A.  and Hubisz, M. J.  and Gulko, B.  and Keinan, A.  and Siepel, A. ",
   Title="{{G}enome-wide inference of natural selection on human transcription factor binding sites}",
   Journal="Nat Genet",
   Year="2013",
   Volume="45",
   Number="7",
   Pages="723--729",
   Month="Jul"
}

% 12777508 
@Article{NIELYANG03,
   Author="Nielsen, R.  and Yang, Z. ",
   Title="{{E}stimating the distribution of selection coefficients from phylogenetic data with applications to mitochondrial and viral {D}{N}{A}}",
   Journal="Mol Biol Evol",
   Year="2003",
   Volume="20",
   Number="8",
   Pages="1231--1239",
   Month="Aug"
}

% 865622 
@Article{KIMU77,
   Author="Kimura, M. ",
   Title="{{P}reponderance of synonymous changes as evidence for the neutral theory of molecular evolution}",
   Journal="Nature",
   Year="1977",
   Volume="267",
   Number="5608",
   Pages="275--276",
   Month="May"
}

% 1904993 
@Article{MCDOKREI91,
   Author="McDonald, J. H.  and Kreitman, M. ",
   Title="{{A}daptive protein evolution at the {A}dh locus in {D}rosophila}",
   Journal="Nature",
   Year="1991",
   Volume="351",
   Number="6328",
   Pages="652--654",
   Month="Jun"
}

% 1459433 
@Article{SAWYHART92,
   Author="Sawyer, S. A.  and Hartl, D. L. ",
   Title="{{P}opulation genetics of polymorphism and divergence}",
   Journal="Genetics",
   Year="1992",
   Volume="132",
   Number="4",
   Pages="1161--1176",
   Month="Dec"
}

% 11932744 
@Article{BUSTETAL02,
   Author="Bustamante, C. D.  and Nielsen, R.  and Sawyer, S. A.  and Olsen, K. M.  and Purugganan, M. D.  and Hartl, D. L. ",
   Title="{{T}he cost of inbreeding in {A}rabidopsis}",
   Journal="Nature",
   Year="2002",
   Volume="416",
   Number="6880",
   Pages="531--534",
   Month="Apr"
}

% 19662163 
@Article{TORGETAL09,
   Author="Torgerson, D. G.  and Boyko, A. R.  and Hernandez, R. D.  and Indap, A.  and Hu, X.  and White, T. J.  and Sninsky, J. J.  and Cargill, M.  and Adams, M. D.  and Bustamante, C. D.  and Clark, A. G. ",
   Title="{{E}volutionary processes acting on candidate cis-regulatory regions in humans inferred from patterns of polymorphism and divergence}",
   Journal="PLoS Genet",
   Year="2009",
   Volume="5",
   Number="8",
   Pages="e1000592",
   Month="Aug"
}

% 12497628 
@Article{KOND03,
   Author="Kondrashov, A. S. ",
   Title="{{D}irect estimates of human per nucleotide mutation rates at 20 loci causing {M}endelian diseases}",
   Journal="Hum Mutat",
   Year="2003",
   Volume="21",
   Number="1",
   Pages="12--27",
   Month="Jan"
}

% 32461654 
@Article{KARCETAL20,
   Author="Karczewski, K. J.  and Francioli, L. C.  and Tiao, G.  and Cummings, B. B.  and Alföldi, J.  and Wang, Q.  and Collins, R. L.  and Laricchia, K. M.  and Ganna, A.  and Birnbaum, D. P.  and Gauthier, L. D.  and Brand, H.  and Solomonson, M.  and Watts, N. A.  and Rhodes, D.  and Singer-Berk, M.  and England, E. M.  and Seaby, E. G.  and Kosmicki, J. A.  and Walters, R. K.  and Tashman, K.  and Farjoun, Y.  and Banks, E.  and Poterba, T.  and Wang, A.  and Seed, C.  and Whiffin, N.  and Chong, J. X.  and Samocha, K. E.  and Pierce-Hoffman, E.  and Zappala, Z.  and O'Donnell-Luria, A. H.  and Minikel, E. V.  and Weisburd, B.  and Lek, M.  and Ware, J. S.  and Vittal, C.  and Armean, I. M.  and Bergelson, L.  and Cibulskis, K.  and Connolly, K. M.  and Covarrubias, M.  and Donnelly, S.  and Ferriera, S.  and Gabriel, S.  and Gentry, J.  and Gupta, N.  and Jeandet, T.  and Kaplan, D.  and Llanwarne, C.  and Munshi, R.  and Novod, S.  and Petrillo, N.  and Roazen, D.  and Ruano-Rubio, V.  and Saltzman, A.  and Schleicher, M.  and Soto, J.  and Tibbetts, K.  and Tolonen, C.  and Wade, G.  and Talkowski, M. E.  and Neale, B. M.  and Daly, M. J.  and MacArthur, D. G.  and Aguilar Salinas, C. A.  and Ahmad, T.  and Albert, C. M.  and Ardissino, D.  and Atzmon, G.  and Barnard, J.  and Beaugerie, L.  and Benjamin, E. J.  and Boehnke, M.  and Bonnycastle, L. L.  and Bottinger, E. P.  and Bowden, D. W.  and Bown, M. J.  and Chambers, J. C.  and Chan, J. C.  and Chasman, D.  and Cho, J.  and Chung, M. K.  and Cohen, B.  and Correa, A.  and Dabelea, D.  and Daly, M. J.  and Darbar, D.  and Duggirala, R.  and Dupuis, J.  and Ellinor, P. T.  and Elosua, R.  and Erdmann, J.  and Esko, T.  and Färkkilä, M.  and Florez, J.  and Franke, A.  and Getz, G.  and Glaser, B.  and Glatt, S. J.  and Goldstein, D.  and Gonzalez, C.  and Groop, L.  and Haiman, C.  and Hanis, C.  and Harms, M.  and Hiltunen, M.  and Holi, M. M.  and Hultman, C. M.  and Kallela, M.  and Kaprio, J.  and Kathiresan, S.  and Kim, B. J.  and Kim, Y. J.  and Kirov, G.  and Kooner, J.  and Koskinen, S.  and Krumholz, H. M.  and Kugathasan, S.  and Kwak, S. H.  and Laakso, M.  and Lehtimäki, T.  and Loos, R. J. F.  and Lubitz, S. A.  and Ma, R. C. W.  and MacArthur, D. G.  and Marrugat, J.  and Mattila, K. M.  and McCarroll, S.  and McCarthy, M. I.  and McGovern, D.  and McPherson, R.  and Meigs, J. B.  and Melander, O.  and Metspalu, A.  and Neale, B. M.  and Nilsson, P. M.  and O'Donovan, M. C.  and Ongur, D.  and Orozco, L.  and Owen, M. J.  and Palmer, C. N. A.  and Palotie, A.  and Park, K. S.  and Pato, C.  and Pulver, A. E.  and Rahman, N.  and Remes, A. M.  and Rioux, J. D.  and Ripatti, S.  and Roden, D. M.  and Saleheen, D.  and Salomaa, V.  and Samani, N. J.  and Scharf, J.  and Schunkert, H.  and Shoemaker, M. B.  and Sklar, P.  and Soininen, H.  and Sokol, H.  and Spector, T.  and Sullivan, P. F.  and Suvisaari, J.  and Tai, E. S.  and Teo, Y. Y.  and Tiinamaija, T.  and Tsuang, M.  and Turner, D.  and Tusie-Luna, T.  and Vartiainen, E.  and Vawter, M. P.  and Ware, J. S.  and Watkins, H.  and Weersma, R. K.  and Wessman, M.  and Wilson, J. G.  and Xavier, R. J. ",
   Title="{{T}he mutational constraint spectrum quantified from variation in 141,456 humans}",
   Journal="Nature",
   Year="2020",
   Volume="581",
   Number="7809",
   Pages="434--443",
   Month="05"
}

% 26432245 
@Article{1KGCONS15,
   Author="Auton, A.  and Brooks, L. D.  and Durbin, R. M.  and Garrison, E. P.  and Kang, H. M.  and Korbel, J. O.  and Marchini, J. L.  and McCarthy, S.  and McVean, G. A.  and Abecasis, G. R.  and Auton, A.  and Abecasis, G. R.  and Altshuler, D. M.  and Durbin, R. M.  and Abecasis, G. R.  and Bentley, D. R.  and Chakravarti, A.  and Clark, A. G.  and Donnelly, P.  and Eichler, E. E.  and Flicek, P.  and Gabriel, S. B.  and Gibbs, R. A.  and Green, E. D.  and Hurles, M. E.  and Knoppers, B. M.  and Korbel, J. O.  and Lander, E. S.  and Lee, C.  and Lehrach, H.  and Mardis, E. R.  and Marth, G. T.  and McVean, G. A.  and Nickerson, D. A.  and Schmidt, J. P.  and Sherry, S. T.  and Wang, J.  and Wilson, R. K.  and Gibbs, R. A.  and Boerwinkle, E.  and Doddapaneni, H.  and Han, Y.  and Korchina, V.  and Kovar, C.  and Lee, S.  and Muzny, D.  and Reid, J. G.  and Zhu, Y.  and Wang, J.  and Chang, Y.  and Feng, Q.  and Fang, X.  and Guo, X.  and Jian, M.  and Jiang, H.  and Jin, X.  and Lan, T.  and Li, G.  and Li, J.  and Li, Y.  and Liu, S.  and Liu, X.  and Lu, Y.  and Ma, X.  and Tang, M.  and Wang, B.  and Wang, G.  and Wu, H.  and Wu, R.  and Xu, X.  and Yin, Y.  and Zhang, D.  and Zhang, W.  and Zhao, J.  and Zhao, M.  and Zheng, X.  and Lander, E. S.  and Altshuler, D. M.  and Gabriel, S. B.  and Gupta, N.  and Gharani, N.  and Toji, L. H.  and Gerry, N. P.  and Resch, A. M.  and Flicek, P.  and Barker, J.  and Clarke, L.  and Gil, L.  and Hunt, S. E.  and Kelman, G.  and Kulesha, E.  and Leinonen, R.  and McLaren, W. M.  and Radhakrishnan, R.  and Roa, A.  and Smirnov, D.  and Smith, R. E.  and Streeter, I.  and Thormann, A.  and Toneva, I.  and Vaughan, B.  and Zheng-Bradley, X.  and Bentley, D. R.  and Grocock, R.  and Humphray, S.  and James, T.  and Kingsbury, Z.  and Lehrach, H.  and Sudbrak, R.  and Albrecht, M. W.  and Amstislavskiy, V. S.  and Borodina, T. A.  and Lienhard, M.  and Mertes, F.  and Sultan, M.  and Timmermann, B.  and Yaspo, M. L.  and Mardis, E. R.  and Wilson, R. K.  and Fulton, L.  and Fulton, R.  and Sherry, S. T.  and Ananiev, V.  and Belaia, Z.  and Beloslyudtsev, D.  and Bouk, N.  and Chen, C.  and Church, D.  and Cohen, R.  and Cook, C.  and Garner, J.  and Hefferon, T.  and Kimelman, M.  and Liu, C.  and Lopez, J.  and Meric, P.  and O'Sullivan, C.  and Ostapchuk, Y.  and Phan, L.  and Ponomarov, S.  and Schneider, V.  and Shekhtman, E.  and Sirotkin, K.  and Slotta, D.  and Zhang, H.  and McVean, G. A.  and Durbin, R. M.  and Balasubramaniam, S.  and Burton, J.  and Danecek, P.  and Keane, T. M.  and Kolb-Kokocinski, A.  and McCarthy, S.  and Stalker, J.  and Quail, M.  and Durbin, R. M.  and Balasubramaniam, S.  and Burton, J.  and Danecek, P.  and Keane, T. M.  and Kolb-Kokocinski, A.  and McCarthy, S.  and Stalker, J.  and Quail, M.  and Schmidt, J. P.  and Davies, C. J.  and Gollub, J.  and Webster, T.  and Wong, B.  and Zhan, Y.  and Auton, A.  and Campbell, C. L.  and Kong, Y.  and Marcketta, A.  and Gibbs, R. A.  and Yu, F.  and Antunes, L.  and Bainbridge, M.  and Muzny, D.  and Sabo, A.  and Huang, Z.  and Wang, J.  and Coin, L. J.  and Fang, L.  and Guo, X.  and Jin, X.  and Li, G.  and Li, Q.  and Li, Y.  and Li, Z.  and Lin, H.  and Liu, B.  and Luo, R.  and Shao, H.  and Xie, Y.  and Ye, C.  and Yu, C.  and Zhang, F.  and Zheng, H.  and Zhu, H.  and Alkan, C.  and Dal, E.  and Kahveci, F.  and Marth, G. T.  and Garrison, E. P.  and Kural, D.  and Lee, W. P.  and Leong, W. F.  and Stromberg, M.  and Ward, A. N.  and Wu, J.  and Zhang, M.  and Daly, M. J.  and DePristo, M. A.  and Handsaker, R. E.  and Altshuler, D. M.  and Banks, E.  and Bhatia, G.  and Del Angel, G.  and Gabriel, S. B.  and Genovese, G.  and Gupta, N.  and Li, H.  and Kashin, S.  and Lander, E. S.  and McCarroll, S. A.  and Nemesh, J. C.  and Poplin, R. E.  and Yoon, S. C.  and Lihm, J.  and Makarov, V.  and Clark, A. G.  and Gottipati, S.  and Keinan, A.  and Rodriguez-Flores, J. L.  and Korbel, J. O.  and Rausch, T.  and Fritz, M. H.  and Stütz, A. M.  and Flicek, P.  and Beal, K.  and Clarke, L.  and Datta, A.  and Herrero, J.  and McLaren, W. M.  and Ritchie, G. R.  and Smith, R. E.  and Zerbino, D.  and Zheng-Bradley, X.  and Sabeti, P. C.  and Shlyakhter, I.  and Schaffner, S. F.  and Vitti, J.  and Cooper, D. N.  and Ball, E. V.  and Stenson, P. D.  and Bentley, D. R.  and Barnes, B.  and Bauer, M.  and Cheetham, R. K.  and Cox, A.  and Eberle, M.  and Humphray, S.  and Kahn, S.  and Murray, L.  and Peden, J.  and Shaw, R.  and Kenny, E. E.  and Batzer, M. A.  and Konkel, M. K.  and Walker, J. A.  and MacArthur, D. G.  and Lek, M.  and Sudbrak, R.  and Amstislavskiy, V. S.  and Herwig, R.  and Mardis, E. R.  and Ding, L.  and Koboldt, D. C.  and Larson, D.  and Ye, K.  and Gravel, S.  and Swaroop, A.  and Chew, E.  and Lappalainen, T.  and Erlich, Y.  and Gymrek, M.  and Willems, T. F.  and Simpson, J. T.  and Shriver, M. D.  and Rosenfeld, J. A.  and Bustamante, C. D.  and Montgomery, S. B.  and De La Vega, F. M.  and Byrnes, J. K.  and Carroll, A. W.  and DeGorter, M. K.  and Lacroute, P.  and Maples, B. K.  and Martin, A. R.  and Moreno-Estrada, A.  and Shringarpure, S. S.  and Zakharia, F.  and Halperin, E.  and Baran, Y.  and Lee, C.  and Cerveira, E.  and Hwang, J.  and Malhotra, A.  and Plewczynski, D.  and Radew, K.  and Romanovitch, M.  and Zhang, C.  and Hyland, F. C.  and Craig, D. W.  and Christoforides, A.  and Homer, N.  and Izatt, T.  and Kurdoglu, A. A.  and Sinari, S. A.  and Squire, K.  and Sherry, S. T.  and Xiao, C.  and Sebat, J.  and Antaki, D.  and Gujral, M.  and Noor, A.  and Ye, K.  and Burchard, E. G.  and Hernandez, R. D.  and Gignoux, C. R.  and Haussler, D.  and Katzman, S. J.  and Kent, W. J.  and Howie, B.  and Ruiz-Linares, A.  and Dermitzakis, E. T.  and Devine, S. E.  and Abecasis, G. R.  and Kang, H. M.  and Kidd, J. M.  and Blackwell, T.  and Caron, S.  and Chen, W.  and Emery, S.  and Fritsche, L.  and Fuchsberger, C.  and Jun, G.  and Li, B.  and Lyons, R.  and Scheller, C.  and Sidore, C.  and Song, S.  and Sliwerska, E.  and Taliun, D.  and Tan, A.  and Welch, R.  and Wing, M. K.  and Zhan, X.  and Awadalla, P.  and Hodgkinson, A.  and Li, Y.  and Shi, X.  and Quitadamo, A.  and Lunter, G.  and McVean, G. A.  and Marchini, J. L.  and Myers, S.  and Churchhouse, C.  and Delaneau, O.  and Gupta-Hinch, A.  and Kretzschmar, W.  and Iqbal, Z.  and Mathieson, I.  and Menelaou, A.  and Rimmer, A.  and Xifara, D. K.  and Oleksyk, T. K.  and Fu, Y.  and Liu, X.  and Xiong, M.  and Jorde, L.  and Witherspoon, D.  and Xing, J.  and Eichler, E. E.  and Browning, B. L.  and Browning, S. R.  and Hormozdiari, F.  and Sudmant, P. H.  and Khurana, E.  and Durbin, R. M.  and Hurles, M. E.  and Tyler-Smith, C.  and Albers, C. A.  and Ayub, Q.  and Balasubramaniam, S.  and Chen, Y.  and Colonna, V.  and Danecek, P.  and Jostins, L.  and Keane, T. M.  and McCarthy, S.  and Walter, K.  and Xue, Y.  and Gerstein, M. B.  and Abyzov, A.  and Balasubramanian, S.  and Chen, J.  and Clarke, D.  and Fu, Y.  and Harmanci, A. O.  and Jin, M.  and Lee, D.  and Liu, J.  and Mu, X. J.  and Zhang, J.  and Zhang, Y.  and Gerstein, M. B.  and Abyzov, A.  and Balasubramanian, S.  and Chen, J.  and Clarke, D.  and Fu, Y.  and Harmanci, A. O.  and Jin, M.  and Lee, D.  and Liu, J.  and Mu, X. J.  and Zhang, J.  and Zhang, Y.  and Li, Y.  and Luo, R.  and Zhu, H.  and Alkan, C.  and Dal, E.  and Kahveci, F.  and Marth, G. T.  and Garrison, E. P.  and Kural, D.  and Lee, W. P.  and Ward, A. N.  and Wu, J.  and Zhang, M.  and McCarroll, S. A.  and Handsaker, R. E.  and Altshuler, D. M.  and Banks, E.  and Del Angel, G.  and Genovese, G.  and Hartl, C.  and Li, H.  and Kashin, S.  and Nemesh, J. C.  and Shakir, K.  and Yoon, S. C.  and Lihm, J.  and Makarov, V.  and Degenhardt, J.  and Korbel, J. O.  and Fritz, M. H.  and Meiers, S.  and Raeder, B.  and Rausch, T.  and Stütz, A. M.  and Flicek, P.  and Casale, F. P.  and Clarke, L.  and Smith, R. E.  and Stegle, O.  and Zheng-Bradley, X.  and Bentley, D. R.  and Barnes, B.  and Cheetham, R. K.  and Eberle, M.  and Humphray, S.  and Kahn, S.  and Murray, L.  and Shaw, R.  and Lameijer, E. W.  and Batzer, M. A.  and Konkel, M. K.  and Walker, J. A.  and Ding, L.  and Hall, I.  and Ye, K.  and Lacroute, P.  and Lee, C.  and Cerveira, E.  and Malhotra, A.  and Hwang, J.  and Plewczynski, D.  and Radew, K.  and Romanovitch, M.  and Zhang, C.  and Craig, D. W.  and Homer, N.  and Church, D.  and Xiao, C.  and Sebat, J.  and Antaki, D.  and Bafna, V.  and Michaelson, J.  and Ye, K.  and Devine, S. E.  and Gardner, E. J.  and Abecasis, G. R.  and Kidd, J. M.  and Mills, R. E.  and Dayama, G.  and Emery, S.  and Jun, G.  and Shi, X.  and Quitadamo, A.  and Lunter, G.  and McVean, G. A.  and Chen, K.  and Fan, X.  and Chong, Z.  and Chen, T.  and Witherspoon, D.  and Xing, J.  and Eichler, E. E.  and Chaisson, M. J.  and Hormozdiari, F.  and Huddleston, J.  and Malig, M.  and Nelson, B. J.  and Sudmant, P. H.  and Parrish, N. F.  and Khurana, E.  and Hurles, M. E.  and Blackburne, B.  and Lindsay, S. J.  and Ning, Z.  and Walter, K.  and Zhang, Y.  and Gerstein, M. B.  and Abyzov, A.  and Chen, J.  and Clarke, D.  and Lam, H.  and Mu, X. J.  and Sisu, C.  and Zhang, J.  and Zhang, Y.  and Gerstein, M. B.  and Abyzov, A.  and Chen, J.  and Clarke, D.  and Lam, H.  and Mu, X. J.  and Sisu, C.  and Zhang, J.  and Zhang, Y.  and Gibbs, R. A.  and Yu, F.  and Bainbridge, M.  and Challis, D.  and Evani, U. S.  and Kovar, C.  and Lu, J.  and Muzny, D.  and Nagaswamy, U.  and Reid, J. G.  and Sabo, A.  and Yu, J.  and Guo, X.  and Li, W.  and Li, Y.  and Wu, R.  and Marth, G. T.  and Garrison, E. P.  and Leong, W. F.  and Ward, A. N.  and Del Angel, G.  and DePristo, M. A.  and Gabriel, S. B.  and Gupta, N.  and Hartl, C.  and Poplin, R. E.  and Clark, A. G.  and Rodriguez-Flores, J. L.  and Flicek, P.  and Clarke, L.  and Smith, R. E.  and Zheng-Bradley, X.  and MacArthur, D. G.  and Mardis, E. R.  and Fulton, R.  and Koboldt, D. C.  and Gravel, S.  and Bustamante, C. D.  and Craig, D. W.  and Christoforides, A.  and Homer, N.  and Izatt, T.  and Sherry, S. T.  and Xiao, C.  and Dermitzakis, E. T.  and Abecasis, G. R.  and Min Kang, H.  and McVean, G. A.  and Gerstein, M. B.  and Balasubramanian, S.  and Habegger, L.  and Gerstein, M. B.  and Balasubramanian, S.  and Habegger, L.  and Yu, H.  and Flicek, P.  and Clarke, L.  and Cunningham, F.  and Dunham, I.  and Zerbino, D.  and Zheng-Bradley, X.  and Lage, K.  and Jespersen, J. B.  and Horn, H.  and Montgomery, S. B.  and DeGorter, M. K.  and Khurana, E.  and Tyler-Smith, C.  and Chen, Y.  and Colonna, V.  and Xue, Y.  and Gerstein, M. B.  and Balasubramanian, S.  and Fu, Y.  and Kim, D.  and Gerstein, M. B.  and Balasubramanian, S.  and Fu, Y.  and Kim, D.  and Auton, A.  and Marcketta, A.  and Desalle, R.  and Narechania, A.  and Sayres, M. A.  and Garrison, E. P.  and Handsaker, R. E.  and Kashin, S.  and McCarroll, S. A.  and Rodriguez-Flores, J. L.  and Flicek, P.  and Clarke, L.  and Zheng-Bradley, X.  and Erlich, Y.  and Gymrek, M.  and Willems, T. F.  and Bustamante, C. D.  and Mendez, F. L.  and Poznik, G. D.  and Underhill, P. A.  and Lee, C.  and Cerveira, E.  and Malhotra, A.  and Romanovitch, M.  and Zhang, C.  and Abecasis, G. R.  and Coin, L.  and Shao, H.  and Mittelman, D.  and Tyler-Smith, C.  and Ayub, Q.  and Banerjee, R.  and Cerezo, M.  and Chen, Y.  and Fitzgerald, T. W.  and Louzada, S.  and Massaia, A.  and McCarthy, S.  and Ritchie, G. R.  and Xue, Y.  and Yang, F.  and Tyler-Smith, C.  and Ayub, Q.  and Banerjee, R.  and Cerezo, M.  and Chen, Y.  and Fitzgerald, T. W.  and Louzada, S.  and Massaia, A.  and McCarthy, S.  and Ritchie, G. R.  and Xue, Y.  and Yang, F.  and Gibbs, R. A.  and Kovar, C.  and Kalra, D.  and Hale, W.  and Muzny, D.  and Reid, J. G.  and Wang, J.  and Dan, X.  and Guo, X.  and Li, G.  and Li, Y.  and Ye, C.  and Zheng, X.  and Altshuler, D. M.  and Flicek, P.  and Clarke, L.  and Zheng-Bradley, X.  and Bentley, D. R.  and Cox, A.  and Humphray, S.  and Kahn, S.  and Sudbrak, R.  and Albrecht, M. W.  and Lienhard, M.  and Larson, D.  and Craig, D. W.  and Izatt, T.  and Kurdoglu, A. A.  and Sherry, S. T.  and Xiao, C.  and Haussler, D.  and Abecasis, G. R.  and McVean, G. A.  and Durbin, R. M.  and Balasubramaniam, S.  and Keane, T. M.  and McCarthy, S.  and Stalker, J.  and Durbin, R. M.  and Balasubramaniam, S.  and Keane, T. M.  and McCarthy, S.  and Stalker, J.  and Chakravarti, A.  and Knoppers, B. M.  and Abecasis, G. R.  and Barnes, K. C.  and Beiswanger, C.  and Burchard, E. G.  and Bustamante, C. D.  and Cai, H.  and Cao, H.  and Durbin, R. M.  and Gerry, N. P.  and Gharani, N.  and Gibbs, R. A.  and Gignoux, C. R.  and Gravel, S.  and Henn, B.  and Jones, D.  and Jorde, L.  and Kaye, J. S.  and Keinan, A.  and Kent, A.  and Kerasidou, A.  and Li, Y.  and Mathias, R.  and McVean, G. A.  and Moreno-Estrada, A.  and Ossorio, P. N.  and Parker, M.  and Resch, A. M.  and Rotimi, C. N.  and Royal, C. D.  and Sandoval, K.  and Su, Y.  and Sudbrak, R.  and Tian, Z.  and Tishkoff, S.  and Toji, L. H.  and Tyler-Smith, C.  and Via, M.  and Wang, Y.  and Yang, H.  and Yang, L.  and Zhu, J.  and Bodmer, W.  and Bedoya, G.  and Ruiz-Linares, A.  and Cai, Z.  and Gao, Y.  and Chu, J.  and Peltonen, L.  and Garcia-Montero, A.  and Orfao, A.  and Dutil, J.  and Martinez-Cruzado, J. C.  and Oleksyk, T. K.  and Barnes, K. C.  and Mathias, R. A.  and Hennis, A.  and Watson, H.  and McKenzie, C.  and Qadri, F.  and LaRocque, R.  and Sabeti, P. C.  and Zhu, J.  and Deng, X.  and Sabeti, P. C.  and Asogun, D.  and Folarin, O.  and Happi, C.  and Omoniwa, O.  and Stremlau, M.  and Tariyal, R.  and Jallow, M.  and Joof, F. S.  and Corrah, T.  and Rockett, K.  and Kwiatkowski, D.  and Kooner, J.  and Hiên, T. T.  and Dunstan, S. J.  and Hang, N. T.  and Fonnie, R.  and Garry, R.  and Kanneh, L.  and Moses, L.  and Sabeti, P. C.  and Schieffelin, J.  and Grant, D. S.  and Gallo, C.  and Poletti, G.  and Saleheen, D.  and Rasheed, A.  and Saleheen, D.  and Rasheed, A.  and Brooks, L. D.  and Felsenfeld, A. L.  and McEwen, J. E.  and Vaydylevich, Y.  and Green, E. D.  and Duncanson, A.  and Dunn, M.  and Schloss, J. A.  and Wang, J.  and Yang, H.  and Auton, A.  and Brooks, L. D.  and Durbin, R. M.  and Garrison, E. P.  and Min Kang, H.  and Korbel, J. O.  and Marchini, J. L.  and McCarthy, S.  and McVean, G. A.  and Abecasis, G. R.  and Auton, A.  and Brooks, L. D.  and Durbin, R. M.  and Garrison, E. P.  and Min Kang, H.  and Korbel, J. O.  and Marchini, J. L.  and McCarthy, S.  and McVean, G. A.  and Abecasis, G. R. ",
   Title="{{A} global reference for human genetic variation}",
   Journal="Nature",
   Year="2015",
   Volume="526",
   Number="7571",
   Pages="68--74",
   Month="Oct"
}

% 23201682 
@Article{FUETAL13,
   Author="Fu, W.  and O'Connor, T. D.  and Jun, G.  and Kang, H. M.  and Abecasis, G.  and Leal, S. M.  and Gabriel, S.  and Rieder, M. J.  and Altshuler, D.  and Shendure, J.  and Nickerson, D. A.  and Bamshad, M. J.  and Akey, J. M.  and Gabriel, S. B.  and Altshuler, D. M.  and Gonçalo R, A.  and Allayee, H.  and Cresci, S.  and Daly, M. J.  and de Bakker, P. I.  and DePristo, M. A.  and Do, R.  and Donnelly, P.  and Farlow, D. N.  and Fennell, T.  and Garimella, K.  and Hazen, S. L.  and Hu, Y.  and Jordan, D. M.  and Jun, G.  and Kathiresan, S.  and Kang, H. M.  and Kiezun, A.  and Lettre, G.  and Li, B.  and Li, M.  and Newton-Cheh, C. H.  and Padmanabhan, S.  and Peloso, G.  and Pulit, S.  and Rader, D. J.  and Reich, D.  and Reilly, M. P.  and Rivas, M. A.  and Schwartz, S.  and Hutchinson, F.  and Scott, L.  and Siscovick, D. S.  and Spertus, J. A.  and Stitziel, N. O.  and Stoletzki, N.  and Sunyaev, S. R.  and Voight, B. F.  and Willer, C. J.  and Rich, S. S.  and Akylbekova, E.  and Atwood, L. D.  and Ballantyne, C. M.  and Barbalic, M.  and Barr, R.  and Benjamin, E. J.  and Bis, J.  and Boerwinkle, E.  and Bowden, D. W.  and Brody, J.  and Budoff, M.  and Burke, G.  and Buxbaum, S.  and Carr, J.  and Chen, D. T.  and Chen, I. Y.  and Chen, W. M.  and Concannon, P.  and Crosby, J.  and Cupples, L. A.  and D'Agostino, R.  and DeStefano, A. L.  and Dreisbach, A.  and Dupuis, J.  and Durda, J.  and Ellis, J.  and Folsom, A. R.  and Fornage, M.  and Fox, C. S.  and Fox, E.  and Funari, V.  and Ganesh, S. K.  and Gardin, J.  and Goff, D.  and Gordon, O.  and Grody, W.  and Gross, M.  and Guo, X.  and Hall, I. M.  and Heard-Costa, N. L.  and Heckbert, S. R.  and Heintz, N.  and Herrington, D. M.  and Hickson, D.  and Huang, J.  and Hwang, S. J.  and Jacobs, D. R.  and Jenny, N. S.  and Johnson, A. D.  and Johnson, C. W.  and Kawut, S.  and Kronmal, R.  and Kurz, R.  and Lange, E. M.  and Lange, L. A.  and Larson, M.  and Lawson, M.  and Lewis, C. E.  and Levy, D.  and Li, D.  and Lin, H.  and Liu, C.  and Liu, J.  and Liu, K.  and Liu, X.  and Liu, Y.  and Longstreth, W. T.  and Loria, C.  and Lumley, T.  and Lunetta, K.  and Mackey, A. J.  and Mackey, R.  and Manichaikul, A.  and Maxwell, T.  and McKnight, B.  and Meigs, J. B.  and Morrison, A. C.  and Musani, S. K.  and Mychaleckyj, J. C.  and Nettleton, J. A.  and North, K.  and O'Donnell, C. J.  and O'Leary, D.  and Ong, F.  and Palmas, W.  and Pankow, J. S.  and Pankratz, N. D.  and Paul, S.  and Perez, M.  and Person, S. D.  and Polak, J.  and Post, W. S.  and Psaty, B. M.  and Quinlan, A. R.  and Raffel, L. J.  and Ramachandran, V. S.  and Reiner, A. P.  and Rice, K.  and Rotter, J. I.  and Sanders, J. P.  and Schreiner, P.  and Seshadri, S.  and Shea, S.  and Sidney, S.  and Silverstein, K.  and Siscovick, D. S.  and Smith, N. L.  and Sotoodehnia, N.  and Srinivasan, A.  and Taylor, H. A.  and Taylor, K.  and Thomas, F.  and Tracy, R. P.  and Tsai, M. Y.  and Volcik, K. A.  and Wassel, C. L.  and Watson, K.  and Wei, G.  and White, W.  and Wiggins, K. L.  and Wilk, J. B.  and Williams, O.  and Wilson, G.  and Wilson, J. G.  and Wolf, P.  and Zakai, N. A.  and Hardy, J.  and Meschia, J. F.  and Nalls, M.  and Rich, S. S.  and Singleton, A.  and Worrall, B.  and Bamshad, M. J.  and Barnes, K. C.  and Abdulhamid, I.  and Accurso, F.  and Anbar, R.  and Beaty, T.  and Bigham, A.  and Black, P.  and Bleecker, E.  and Buckingham, K.  and Cairns, A. M.  and Chen, W. M.  and Caplan, D.  and Chatfield, B.  and Chidekel, A.  and Cho, M.  and Christiani, D. C.  and Crapo, J. D.  and Crouch, J.  and Daley, D.  and Dang, A.  and Dang, H.  and De Paula, A.  and DeCelie-Germana, J.  and Dozor, A.  and Drumm, M.  and Dyson, M.  and Emerson, J.  and Emond, M. J.  and Ferkol, T.  and Fink, R.  and Foster, C.  and Froh, D.  and Gao, L.  and Gershan, W.  and Gibson, R. L.  and Godwin, E.  and Gondor, M.  and Gutierrez, H.  and Hansel, N. N.  and Hassoun, P. M.  and Hiatt, P.  and Hokanson, J. E.  and Howenstine, M.  and Hummer, L. K.  and Kanga, J.  and Kim, Y.  and Knowles, M. R.  and Konstan, M.  and Lahiri, T.  and Laird, N.  and Lange, C.  and Lin, L.  and Lin, X.  and Louie, T. L.  and Lynch, D.  and Make, B.  and Martin, T. R.  and Mathai, S. C.  and Mathias, R. A.  and McNamara, J.  and McNamara, S.  and Meyers, D.  and Millard, S.  and Mogayzel, P.  and Moss, R.  and Murray, T.  and Nielson, D.  and Noyes, B.  and O'Neal, W.  and Orenstein, D.  and O'Sullivan, B.  and Pace, R.  and Pare, P.  and Parker, H.  and Passero, M. A.  and Perkett, E.  and Prestridge, A.  and Rafaels, N. M.  and Ramsey, B.  and Regan, E.  and Ren, C.  and Retsch-Bogart, G.  and Rock, M.  and Rosen, A.  and Rosenfeld, M.  and Ruczinski, I.  and Sanford, A.  and Schaeffer, D.  and Sell, C.  and Sheehan, D.  and Silverman, E. K.  and Sin, D.  and Spencer, T.  and Stonebraker, J.  and Tabor, H. K.  and Varlotta, L.  and Vergara, C. I.  and Weiss, R.  and Wigley, F.  and Wise, R. A.  and Wright, F. A.  and Wurfel, M. M.  and Zanni, R.  and Zou, F.  and Nickerson, D. A.  and Rieder, M. J.  and Green, P.  and Shendure, J.  and Akey, J. M.  and Bamshad, M. J.  and Bustamante, C. D.  and Crosslin, D. R.  and Eichler, E. E.  and Fox, P. K.  and Fu, W.  and Gordon, A.  and Gravel, S.  and Jarvik, G. P.  and Johnsen, J. M.  and Kan, M.  and Kenny, E. E.  and Kidd, J. M.  and Lara-Garduno, F.  and Leal, S. M.  and Liu, D. J.  and McGee, S.  and O'Connor, T. D.  and Paeper, B.  and Robertson, P. D.  and Smith, J. D.  and Tennessen, J. A.  and Turner, E. H.  and Wang, G.  and Jackson, R.  and North, K.  and Peters, U.  and Carlson, C. S.  and Anderson, G.  and Anton-Culver, H.  and Assimes, T. L.  and Auer, P. L.  and Hutchinson, F.  and Beresford, S.  and Hutchinson, F.  and Bizon, C.  and Black, H.  and Brunner, R.  and Brzyski, R.  and Burwen, D.  and Caan, B.  and Carty, C. L.  and Chlebowski, R.  and Cummings, S.  and Curb, J. D.  and Eaton, C. B.  and Ford, L.  and Franceschini, N.  and Fullerton, S. M.  and Gass, M.  and Geller, N.  and Heiss, G.  and Howard, B. V.  and Hsu, L.  and Hutter, C. M.  and Ioannidis, J.  and Jiao, S.  and Johnson, K. C.  and Kooperberg, C.  and Kuller, L.  and LaCroix, A.  and Lakshminarayan, K.  and Lane, D.  and Lange, E. M.  and Lange, L. A.  and Lasser, N.  and LeBlanc, E.  and Lewis, C. E.  and Li, K. P.  and Limacher, M.  and Lin, D. Y.  and Logsdon, B. A.  and Ludlam, S.  and Manson, J. E.  and Margolis, K.  and Martin, L.  and McGowan, J.  and Monda, K. L.  and Kotchen, J. M.  and Nathan, L.  and Ockene, J.  and O'Sullivan, M. J.  and Phillips, L. S.  and Prentice, R. L.  and Reiner, A. P.  and Hutchinson, F.  and Robbins, J.  and Robinson, J. G.  and Rossouw, J. E.  and Sangi-Haghpeykar, H.  and Sarto, G. E.  and Shumaker, S.  and Simon, M. S.  and Stefanick, M. L.  and Stein, E.  and Tang, H.  and Taylor, K. C.  and Thomson, C. A.  and Thornton, T. A.  and Van Horn, L.  and Vitolins, M.  and Wactawski-Wende, J.  and Wallace, R.  and Wassertheil-Smoller, S.  and Zeng, D.  and Applebaum-Bowden, D.  and Feolo, M.  and Gan, W.  and Paltoo, D. N.  and Rossouw, J. E.  and Sholinsky, P.  and Sturcke, A. ",
   Title="{{A}nalysis of 6,515 exomes reveals the recent origin of most human protein-coding variants}",
   Journal="Nature",
   Year="2013",
   Volume="493",
   Number="7431",
   Pages="216--220",
   Month="Jan"
}

% 30531870 
@Article{HAVRETAL19,
   Author="Havrilla, J. M.  and Pedersen, B. S.  and Layer, R. M.  and Quinlan, A. R. ",
   Title="{{A} map of constrained coding regions in the human genome}",
   Journal="Nat Genet",
   Year="2019",
   Volume="51",
   Number="1",
   Pages="88--95",
   Month="01"
}

% 23386628 
@Article{GRONETAL13,
   Author="Gronau, I.  and Arbiza, L.  and Mohammed, J.  and Siepel, A. ",
   Title="{{I}nference of natural selection from interspersed genomic elements based on polymorphism and divergence}",
   Journal="Mol Biol Evol",
   Year="2013",
   Volume="30",
   Number="5",
   Pages="1159--1171",
   Month="May"
}

% 15131266 
@Article{BEJEETAL04,
   Author="Bejerano, G.  and Pheasant, M.  and Makunin, I.  and Stephen, S.  and Kent, W. J.  and Mattick, J. S.  and Haussler, D. ",
   Title="{{U}ltraconserved elements in the human genome}",
   Journal="Science",
   Year="2004",
   Volume="304",
   Number="5675",
   Pages="1321--1325",
   Month="May"
}
